<record><leader>00000cas a2200000 a 4500</leader><controlfield tag="001">24558607</controlfield><controlfield tag="008">911014c19919999scudr ne      0   a0eng c</controlfield><datafield ind1=" " ind2=" " tag="010"><subfield code="a">sn 92002434 </subfield></datafield><datafield ind1=" " ind2=" " tag="040"><subfield code="a">SEA</subfield><subfield code="b">eng</subfield><subfield code="c">SEA</subfield><subfield code="d">NSD</subfield><subfield code="d">YOX</subfield><subfield code="d">NVF</subfield><subfield code="d">DLC</subfield><subfield code="d">OCLCQ</subfield><subfield code="d">OCLCF</subfield><subfield code="d">OCLCO</subfield><subfield code="d">CUS</subfield></datafield><datafield ind1="1" ind2=" " tag="022"><subfield code="a">1061-5105</subfield><subfield code="l">1061-5105</subfield><subfield code="2">1</subfield></datafield><datafield ind1="1" ind2=" " tag="029"><subfield code="a">AU@</subfield><subfield code="b">000044352527</subfield></datafield><datafield ind1="1" ind2=" " tag="029"><subfield code="a">NZ1</subfield><subfield code="b">16075070</subfield></datafield><datafield ind1=" " ind2=" " tag="032"><subfield code="a">466700</subfield><subfield code="b">USPS</subfield></datafield><datafield ind1=" " ind2=" " tag="037"><subfield code="b">Evening Post Pub. Co., 134 Columbus St., Charleston, SC 29403</subfield></datafield><datafield ind1=" " ind2=" " tag="042"><subfield code="a">nsdp</subfield><subfield code="a">pcc</subfield></datafield><datafield ind1=" " ind2=" " tag="043"><subfield code="a">n-us-sc</subfield></datafield><datafield ind1="0" ind2="0" tag="050"><subfield code="a">Newspaper</subfield></datafield><datafield ind1=" " ind2="4" tag="050"><subfield code="a">AN</subfield></datafield><datafield ind1=" " ind2="4" tag="222"><subfield code="a">The post and courier</subfield></datafield><datafield ind1="0" ind2="4" tag="245"><subfield code="a">The post and courier.</subfield></datafield><datafield ind1=" " ind2=" " tag="260"><subfield code="a">Charleston, S.C. :</subfield><subfield code="b">Evening Post Pub. Co.,</subfield><subfield code="c">1991-</subfield></datafield><datafield ind1=" " ind2=" " tag="300"><subfield code="a">v.</subfield></datafield><datafield ind1=" " ind2=" " tag="310"><subfield code="a">Daily</subfield></datafield><datafield ind1=" " ind2=" " tag="336"><subfield code="a">text</subfield><subfield code="b">txt</subfield><subfield code="2">rdacontent</subfield></datafield><datafield ind1=" " ind2=" " tag="337"><subfield code="a">computer</subfield><subfield code="b">c</subfield><subfield code="2">rdamedia</subfield></datafield><datafield ind1=" " ind2=" " tag="338"><subfield code="a">volume</subfield><subfield code="b">cr</subfield><subfield code="2">rdacarrier</subfield></datafield><datafield ind1="0" ind2=" " tag="362"><subfield code="a">Vol. 189, no. 196 (Oct. 1, 1991)-</subfield></datafield><datafield ind1=" " ind2=" " tag="500"><subfield code="a">"The South's oldest daily newspaper."</subfield></datafield><datafield ind1=" " ind2=" " tag="530"><subfield code="a">Also available on microfilm from Bell &amp; howell Information and Learning.</subfield></datafield><datafield ind1=" " ind2=" " tag="580"><subfield code="a">Formed by the union of: News and courier (Charleston, S.C. : Daily), and: Evening post (Charleston, S.C. : Daily)</subfield></datafield><datafield ind1=" " ind2="0" tag="651"><subfield code="a">Charleston (S.C.)</subfield><subfield code="v">Newspapers.</subfield></datafield><datafield ind1=" " ind2="0" tag="651"><subfield code="a">Charleston County (S.C.)</subfield><subfield code="v">Newspapers.</subfield></datafield><datafield ind1=" " ind2="7" tag="651"><subfield code="a">South Carolina</subfield><subfield code="z">Charleston.</subfield><subfield code="2">fast</subfield><subfield code="0">(OCoLC)fst01204603</subfield></datafield><datafield ind1=" " ind2="7" tag="651"><subfield code="a">South Carolina</subfield><subfield code="z">Charleston County.</subfield><subfield code="2">fast</subfield><subfield code="0">(OCoLC)fst01210029</subfield></datafield><datafield ind1=" " ind2="7" tag="655"><subfield code="a">Newspapers.</subfield><subfield code="2">fast</subfield><subfield code="0">(OCoLC)fst01423814</subfield></datafield><datafield ind1=" " ind2=" " tag="752"><subfield code="a">United States</subfield><subfield code="b">South Carolina</subfield><subfield code="c">Charleston</subfield><subfield code="d">Charleston.</subfield></datafield><datafield ind1="1" ind2="4" tag="780"><subfield code="t">News and courier (Charleston, S.C. : Daily)</subfield><subfield code="x">0896-1999</subfield><subfield code="w">(DLC)sn 84026936</subfield><subfield code="w">(OCoLC)8381311</subfield></datafield><datafield ind1="1" ind2="4" tag="780"><subfield code="t">Evening post (Charleston, S.C. : Daily)</subfield><subfield code="x">0746-0910</subfield><subfield code="w">(DLC)sn 83008226</subfield><subfield code="w">(OCoLC)9735554</subfield></datafield><datafield ind1="4" ind2="1" tag="856"><subfield code="3">EBSCOhost: 02/03/1998 to 19/04/2012.</subfield><subfield code="u">http://search.ebscohost.com/login.aspx?direct=true&amp;db=nfh&amp;jn=Post+and+Courier,+The+(Charleston,+SC)&amp;site=ehost-live&amp;scope=site</subfield></datafield><datafield ind1=" " ind2=" " tag="936"><subfield code="a">Vol. 101, no. 58 (Feb. 27, 2001) LIC</subfield></datafield></record>